@misc{das2019mfa,
    title={MFA is a Waste of Time! Understanding Negative Connotation Towards MFA Applications via User Generated Content},
    author={Sanchari Das and Bingxing Wang and L. Jean Camp},
    year={2019},
    eprint={1908.05902},
    archivePrefix={arXiv},
    primaryClass={cs.CR}
}

@misc{comarketing_2019, 
	title={Les chiffres du mobile en France et en Europe}, 
	url={https://comarketing-news.fr/les-chiffres-du-mobile-en-france-et-en-europe}, 
	note={\url{https://comarketing-news.fr/les-chiffres-du-mobile-en-france-et-en-europe}},
	author={Comarketing},
	journal={Comarketing}, 
	year={2019}, 
	month={Apr}
}

@inproceedings {sound_proof,
	author = {Nikolaos Karapanos and Claudio Marforio and Claudio Soriente and Srdjan Capkun},
	title = {Sound-Proof: Usable Two-Factor Authentication Based on Ambient Sound},
	booktitle = {24th {USENIX} Security Symposium ({USENIX} Security 15)},
	year = {2015},
	isbn = {978-1-939133-11-3},
	address = {Washington, D.C.},
	pages = {483--498},
	url = {https://www.usenix.org/conference/usenixsecurity15/technical-sessions/presentation/karapanos},
	publisher = {{USENIX} Association},
	month = Aug,
}

@misc{wiki:SHA-2,
   author = "Wikipedia",
   title = "{SHA-2} --- {W}ikipedia{,} The Free Encyclopedia",
   year = "2020",
   howpublished = {\url{http://fr.wikipedia.org/w/index.php?title=SHA-2&oldid=169613396}},
   note = "[Online; accessed 20-July-2020]"
}

@misc{wiki:HMAC,
   author = "Wikipedia",
   title = "{HMAC} --- {W}ikipedia{,} The Free Encyclopedia",
   year = "2020",
   howpublished = {\url{http://en.wikipedia.org/w/index.php?title=HMAC&oldid=967942573}},
   note = "[Online; accessed 21-July-2020]"
}

@article{1495392,
  author={A. {Madhavapeddy} and R. {Sharp} and D. {Scott} and A. {Tse}},
  journal={IEEE Pervasive Computing}, 
  title={Audio networking: the forgotten wireless technology}, 
  year={2005},
  volume={4},
  number={3},
  pages={55-60}
}

@article{ChirpCast,
  title={ChirpCast: Data Transmission via Audio},
  author={Francis Iannacci and Yanping Huang},
  journal={ArXiv},
  year={2015},
  volume={abs/1508.07099}
}

@article{DTMFfeasibility,
  title={Feasibility study of DTMF communications for robots},
  author={Nguyen, Tho and Bushnell, Linda G},
  journal={Dept of EE, University of Washington Seattle WA},
  pages={98195--2500},
  year={2004}
}

@misc{can_i_use, 
	title={Can I use... Support tables for Web Audio API},
	url={https://caniuse.com/#feat=audio-api},
	howpublished = {\url{https://caniuse.com/#feat=audio-api}},
	journal={Can I use... Support tables for HTML5, CSS3, etc},
	publisher={Can I use},
	note = "[Online; accessed 08-August-2020]"
}

@misc{can_i_use_crypto, 
	title={Can I use... Support tables for Web Cryptography API},
	url={https://caniuse.com/#feat=cryptography},
	howpublished = {\url{https://caniuse.com/#feat=cryptography}},
	journal={Can I use... Support tables for HTML5, CSS3, etc},
	publisher={Can I use},
	note = "[Online; accessed 24-August-2020]"
}
